<record><leader>00000cas a22000007a 4500</leader><controlfield tag="001">15182752</controlfield><controlfield tag="008">870211d18801894wiudn ne      0    0eng d</controlfield><datafield ind1=" " ind2=" " tag="010"><subfield code="a">sn 87082076 </subfield></datafield><datafield ind1=" " ind2=" " tag="040"><subfield code="a">NPV</subfield><subfield code="b">eng</subfield><subfield code="c">NPV</subfield><subfield code="d">OCLCQ</subfield></datafield><datafield ind1=" " ind2=" " tag="042"><subfield code="a">msc</subfield></datafield><datafield ind1="0" ind2=" " tag="130"><subfield code="a">Janesville daily gazette (Janesville, Wis. : 1880)</subfield></datafield><datafield ind1="1" ind2="4" tag="245"><subfield code="a">The Janesville daily gazette.</subfield></datafield><datafield ind1="3" ind2="0" tag="246"><subfield code="a">Daily gazette</subfield></datafield><datafield ind1=" " ind2=" " tag="260"><subfield code="a">Janelville [i.e. Janesville], Wis. :</subfield><subfield code="b">Gazette Print. Co.,</subfield><subfield code="c">1880-1894.</subfield></datafield><datafield ind1=" " ind2=" " tag="300"><subfield code="a">v.</subfield></datafield><datafield ind1=" " ind2=" " tag="310"><subfield code="a">Daily (except Sunday)</subfield></datafield><datafield ind1="0" ind2=" " tag="362"><subfield code="a">Vol. 24, no. 140 (Aug. 19, 1880)-v. 37, no. 261 (Jan. 5, 1894).</subfield></datafield><datafield ind1=" " ind2=" " tag="500"><subfield code="a">Issued also in a weekly edition.</subfield></datafield><datafield ind1=" " ind2=" " tag="580"><subfield code="a">Issued also in a semiweekly edition called: Janesville semi-weekly gazette.</subfield></datafield><datafield ind1=" " ind2=" " tag="752"><subfield code="a">United States</subfield><subfield code="b">Wisconsin</subfield><subfield code="c">Rock</subfield><subfield code="d">Janesville.</subfield></datafield><datafield ind1="1" ind2=" " tag="775"><subfield code="t">Janesville semi-weekly gazette</subfield><subfield code="w">(DLC)sn 84024408</subfield></datafield><datafield ind1="0" ind2="0" tag="780"><subfield code="t">Janesville gazette (Janesville, Wis. : 1860 : Daily)</subfield><subfield code="w">(DLC)sn 85033118</subfield></datafield><datafield ind1="0" ind2="0" tag="785"><subfield code="t">Daily gazette (Janesville, Wis.)</subfield><subfield code="w">(DLC)sn 87082077</subfield></datafield></record>